<record><leader>00000cas a22000007a 4500</leader><controlfield tag="001">8811364</controlfield><controlfield tag="008">820927d18251829inuwr ne      0    0eng  </controlfield><controlfield tag="009">466</controlfield><datafield ind1=" " ind2=" " tag="010"><subfield code="a">sn 82015684 </subfield></datafield><datafield ind1=" " ind2=" " tag="040"><subfield code="a">DLC</subfield><subfield code="b">eng</subfield><subfield code="c">DLC</subfield><subfield code="d">NPI</subfield><subfield code="d">DLC</subfield><subfield code="d">NVK</subfield><subfield code="d">OCL</subfield><subfield code="d">OCLCO</subfield><subfield code="d">OCLCF</subfield></datafield><datafield ind1="1" ind2=" " tag="029"><subfield code="a">AU@</subfield><subfield code="b">000025832197</subfield></datafield><datafield ind1=" " ind2=" " tag="042"><subfield code="a">msc</subfield></datafield><datafield ind1="0" ind2="0" tag="050"><subfield code="a">Newspaper 7703</subfield></datafield><datafield ind1="0" ind2=" " tag="130"><subfield code="a">Franklin repository (Brookville, Ind.)</subfield></datafield><datafield ind1="0" ind2="0" tag="245"><subfield code="a">Franklin repository.</subfield></datafield><datafield ind1=" " ind2=" " tag="260"><subfield code="a">Brookville, Ind. :</subfield><subfield code="b">D.W. Hutchen,</subfield><subfield code="c">1825-</subfield></datafield><datafield ind1=" " ind2=" " tag="300"><subfield code="a">v. ;</subfield><subfield code="c">52 cm.</subfield></datafield><datafield ind1=" " ind2=" " tag="310"><subfield code="a">Weekly</subfield></datafield><datafield ind1="0" ind2=" " tag="362"><subfield code="a">Vol. 1, no. 1 (Oct. 1, 1825)-</subfield></datafield><datafield ind1="1" ind2=" " tag="362"><subfield code="a">Ceased in 1829</subfield><subfield code="z">Cf. Miller, John W.  Indiana newspaper bibliog.</subfield></datafield><datafield ind1=" " ind2=" " tag="500"><subfield code="a">Augustus Jocelyn used the printing press he acquired from the "Brookville inquirer &amp; Franklin Republican" to begin this paper.</subfield></datafield><datafield ind1=" " ind2=" " tag="530"><subfield code="a">Available on microfilm from Bell &amp; Howell.</subfield></datafield><datafield ind1=" " ind2="0" tag="651"><subfield code="a">Brookville (Ind.)</subfield><subfield code="v">Newspapers.</subfield></datafield><datafield ind1=" " ind2="0" tag="651"><subfield code="a">Franklin County (Ind.)</subfield><subfield code="v">Newspapers.</subfield></datafield><datafield ind1=" " ind2="7" tag="655"><subfield code="a">Newspapers.</subfield><subfield code="2">fast</subfield><subfield code="0">(OCoLC)fst01423814</subfield></datafield><datafield ind1=" " ind2="7" tag="651"><subfield code="a">Indiana</subfield><subfield code="z">Brookville.</subfield><subfield code="2">fast</subfield><subfield code="0">(OCoLC)fst01238716</subfield></datafield><datafield ind1=" " ind2="7" tag="651"><subfield code="a">Indiana</subfield><subfield code="z">Franklin County.</subfield><subfield code="2">fast</subfield><subfield code="0">(OCoLC)fst01218137</subfield></datafield><datafield ind1=" " ind2=" " tag="752"><subfield code="a">United States</subfield><subfield code="b">Indiana</subfield><subfield code="c">Franklin</subfield><subfield code="d">Brookville.</subfield></datafield><datafield ind1="0" ind2="0" tag="780"><subfield code="t">Brookville inquirer &amp; Franklin Republican</subfield><subfield code="w">(DLC)sn 85042271</subfield></datafield><datafield ind1="0" ind2="0" tag="785"><subfield code="t">Western agriculturalist and general intelligencer</subfield></datafield></record>